<record><leader>00000cas a22000007a 4500</leader><controlfield tag="001">18333844</controlfield><controlfield tag="008">880809d19111955nyudn ne      0    0eng d</controlfield><datafield ind1=" " ind2=" " tag="010"><subfield code="a">sn 88074668 </subfield></datafield><datafield ind1=" " ind2=" " tag="040"><subfield code="a">NYS</subfield><subfield code="b">eng</subfield><subfield code="c">NYS</subfield><subfield code="d">OCLCQ</subfield><subfield code="d">OCLCF</subfield><subfield code="d">OCLCO</subfield></datafield><datafield ind1="1" ind2=" " tag="029"><subfield code="a">AU@</subfield><subfield code="b">000020517376</subfield></datafield><datafield ind1=" " ind2=" " tag="042"><subfield code="a">msc</subfield></datafield><datafield ind1=" " ind2=" " tag="043"><subfield code="a">n-us---</subfield></datafield><datafield ind1="0" ind2=" " tag="130"><subfield code="a">Geneva daily times (Geneva, N.Y. : 1911)</subfield></datafield><datafield ind1="1" ind2="0" tag="245"><subfield code="a">Geneva daily times.</subfield></datafield><datafield ind1="3" ind2="0" tag="246"><subfield code="a">Geneva daily times and Geneva daily news</subfield></datafield><datafield ind1=" " ind2=" " tag="260"><subfield code="a">Geneva, N.Y. :</subfield><subfield code="b">Geneva Print. Co.,</subfield><subfield code="c">1911-1955.</subfield></datafield><datafield ind1=" " ind2=" " tag="300"><subfield code="a">46 v.</subfield></datafield><datafield ind1=" " ind2=" " tag="310"><subfield code="a">Daily (except Sunday)</subfield></datafield><datafield ind1="0" ind2=" " tag="362"><subfield code="a">Vol. 16, no. 188 (Jan. 9, 1911)-v. 61, no. 70 (Aug. 20, 1955).</subfield></datafield><datafield ind1=" " ind2=" " tag="500"><subfield code="a">Published as: Geneva daily times and Geneva daily news, Dec. 23-31, 1918.</subfield></datafield><datafield ind1=" " ind2=" " tag="500"><subfield code="a">Special "Sullivan Sesqui-Centennial" ed. published: Sept. 21, 1929.</subfield></datafield><datafield ind1=" " ind2="0" tag="651"><subfield code="a">United States</subfield><subfield code="x">History</subfield><subfield code="y">Revolution, 1775-1783</subfield><subfield code="y">Sullivan's Indian Campaign, 1779</subfield><subfield code="v">Newspapers.</subfield></datafield><datafield ind1=" " ind2="4" tag="651"><subfield code="a">Geneva (N.Y.)</subfield><subfield code="v">Newspapers.</subfield></datafield><datafield ind1=" " ind2="7" tag="655"><subfield code="a">History.</subfield><subfield code="2">fast</subfield><subfield code="0">(OCoLC)fst01411628</subfield></datafield><datafield ind1=" " ind2="7" tag="655"><subfield code="a">Newspapers.</subfield><subfield code="2">fast</subfield><subfield code="0">(OCoLC)fst01423814</subfield></datafield><datafield ind1="2" ind2="7" tag="611"><subfield code="a">American Revolution (1775-1783)</subfield><subfield code="2">fast</subfield><subfield code="0">(OCoLC)fst01351668</subfield></datafield><datafield ind1=" " ind2="7" tag="648"><subfield code="a">1775 - 1783</subfield><subfield code="2">fast</subfield></datafield><datafield ind1=" " ind2="7" tag="651"><subfield code="a">United States.</subfield><subfield code="2">fast</subfield><subfield code="0">(OCoLC)fst01204155</subfield></datafield><datafield ind1=" " ind2=" " tag="752"><subfield code="a">United States</subfield><subfield code="b">New York</subfield><subfield code="c">Ontario</subfield><subfield code="d">Geneva.</subfield></datafield><datafield ind1="0" ind2="0" tag="780"><subfield code="t">Geneva daily times and Geneva news</subfield><subfield code="w">(DLC)sn 88074674</subfield><subfield code="w">(OCoLC)18333811</subfield></datafield><datafield ind1="0" ind2="5" tag="780"><subfield code="t">Geneva daily news (Geneva, N.Y. : 1917)</subfield><subfield code="w">(DLC)sn 89071275</subfield></datafield><datafield ind1="0" ind2="0" tag="785"><subfield code="t">Geneva times (Geneva, N.Y. : 1955)</subfield><subfield code="w">(DLC)sn 84031371</subfield></datafield></record>